Transaction_Date,Posting_Date,Description,Transaction_Type,Merchant_Category,Amount,Location,Balance_After
2025-09-01,2025-09-01,Mortgage Payment,Direct Debit,Housing,-1200.00,"Leicester, UK",1300.00
2025-09-02,2025-09-02,Netflix Subscription,Direct Debit,Entertainment,-15.99,Online,1284.01
2025-09-03,2025-09-04,Tesco Groceries,Card Payment,Groceries,-85.50,"Leicester, UK",1198.51
2025-09-05,2025-09-05,Council Tax,Direct Debit,Utilities,-180.00,"Leicester, UK",1018.51
2025-09-07,2025-09-08,BP Petrol,Card Payment,Transportation,-55.00,"Leicester, UK",963.51
2025-09-10,2025-09-10,Electricity Bill,Direct Debit,Utilities,-120.00,"Leicester, UK",843.51
2025-09-10,2025-09-11,Sainsbury's Groceries,Card Payment,Groceries,-92.30,"Leicester, UK",751.21
2025-09-12,2025-09-13,Amazon Purchase - Toys,Card Payment,Shopping,-45.99,Online,705.22
2025-09-14,2025-09-15,Cineworld Tickets,Card Payment,Entertainment,-38.00,"Leicester, UK",667.22
2025-09-15,2025-09-15,Water Bill,Direct Debit,Utilities,-60.00,"Leicester, UK",607.22
2025-09-17,2025-09-18,Aldi Groceries,Card Payment,Groceries,-78.40,"Leicester, UK",528.82
2025-09-18,2025-09-19,Pizza Hut Dinner,Card Payment,Dining,-65.00,"Leicester, UK",463.82
2025-09-20,2025-09-20,Broadband Internet,Direct Debit,Utilities,-35.99,Online,427.83
2025-09-21,2025-09-22,Shell Petrol,Card Payment,Transportation,-60.00,"Leicester, UK",367.83
2025-09-24,2025-09-25,Morrisons Groceries,Card Payment,Groceries,-88.70,"Leicester, UK",279.13
2025-09-25,2025-09-25,Child Benefit,Bank Giro Credit,Income,182.00,UK Government,461.13
2025-09-25,2025-09-26,School Supplies - Argos,Card Payment,Education,-35.00,"Leicester, UK",426.13
2025-09-28,2025-09-28,Husband Salary - Engineering Firm,Bank Giro Credit,Income,2800.00,"Leicester, UK",3226.13
2025-09-29,2025-09-30,Gym Membership,Direct Debit,Health,-25.00,"Leicester, UK",3201.13
2025-09-30,2025-09-30,Salary - Teaching Job,Bank Giro Credit,Income,2200.00,"Leicester, UK",5401.13
2025-09-30,2025-10-01,Prescription Charge,Card Payment,Health,-9.65,"Leicester, UK",5391.48